<?xml version="1.0" encoding="UTF-8"?><collection xmlns="http://www.loc.gov/MARC21/slim"><record><leader>00289nam--2200109-i-4500</leader><controlfield tag="001">000003174</controlfield><controlfield tag="002">20161230</controlfield><controlfield tag="005">20161230201025</controlfield><controlfield tag="008">060222s1000------------r-----000-0-eng-d</controlfield><datafield ind1=" " ind2=" " tag="245"><subfield code="a">Atomenergie. wege bzur friedlichen anwendung</subfield></datafield><datafield ind1=" " ind2=" " tag="260"><subfield code="a">Frankfurt/Main, V.D.E.W.E.V., 1956 208 P</subfield></datafield><datafield ind1=" " ind2=" " tag="852"><subfield code="a">12666</subfield></datafield></record></collection>